<?xml version="1.0" encoding="UTF-8"?><collection xmlns="http://www.loc.gov/MARC21/slim"><record><leader>00493nam--2200181-i-4500</leader><controlfield tag="001">000016662</controlfield><controlfield tag="002">20161230</controlfield><controlfield tag="005">20161230201031</controlfield><controlfield tag="008">060222s1000------------r-----000-0-eng-d</controlfield><datafield ind1=" " ind2=" " tag="020"><subfield code="a">9739229778</subfield></datafield><datafield ind1=" " ind2=" " tag="080"><subfield code="a">577.3(075)</subfield></datafield><datafield ind1="1" ind2=" " tag="100"><subfield code="a">Popescu, Aurel I</subfield></datafield><datafield ind1="1" ind2="0" tag="245"><subfield code="a">Elemente de biofizica moleculara si supramoleculara</subfield><subfield code="c">Aurel i. popescu</subfield></datafield><datafield ind1=" " ind2=" " tag="260"><subfield code="a">Bucuresti</subfield><subfield code="b">Editura All</subfield><subfield code="c">1997</subfield></datafield><datafield ind1=" " ind2=" " tag="300"><subfield code="a">207 P</subfield></datafield><datafield ind1="2" ind2=" " tag="650"><subfield code="a">Molecular Biophysics</subfield></datafield><datafield ind1=" " ind2=" " tag="852"><subfield code="a">80812</subfield><subfield code="c">577.3</subfield></datafield><datafield ind1=" " ind2=" " tag="CAT"><subfield code="a">Sys</subfield><subfield code="c">20110411</subfield><subfield code="h">151839</subfield></datafield></record></collection>